2060 3314
699 812 1295 867 PRAEFATIO

215 1173 273 1215 IN
289 1173 358 1215 his
374 1173 608 1215 verborum
628 1171 846 1215 indicibus
861 1171 1144 1214 conficiendis
1163 1171 1373 1215 Friderici
1388 1170 1544 1214 Blassii
1562 1170 1832 1214 editionibus

152 1243 302 1286 alteris
334 1243 583 1285 Andocidis
613 1250 658 1285 et
691 1241 904 1284 Dinarchi
938 1241 1146 1298 (Lipsiae,
1177 1242 1304 1284 annis
1339 1240 1451 1283 1880
1483 1247 1527 1283 et
1562 1239 1693 1298 1888)
1730 1255 1834 1284 usus

151 1327 262 1365 sum,
304 1313 497 1368 Lycurgi
541 1318 691 1355 autem
733 1312 926 1354 editione
967 1310 1306 1353 Thalheimiana
1347 1309 1573 1367 (Berolini,
1609 1325 1648 1353 a.
1690 1309 1833 1367 1880).

150 1383 269 1425 Tum
306 1382 555 1438 fragmenta
587 1382 820 1437 Lycurgea
857 1380 1199 1435 Dinarcheaque
1228 1380 1357 1423 attuli
1393 1381 1632 1423 secundum
1667 1380 1834 1422 Baiteri

152 1459 196 1494 et
229 1450 413 1507 Sauppii
446 1451 687 1493 editionem
719 1456 946 1493 oratorum
980 1449 1237 1492 Atticorum
1270 1448 1450 1506 (Turici,
1471 1465 1510 1492 a.
1544 1447 1688 1506 1850),
1720 1450 1833 1504 frag-

152 1528 301 1564 menta
329 1521 590 1572 Andocidis‚
611 1535 725 1575 quae
756 1533 898 1575 pauca
929 1526 1122 1571 exstant,
1155 1520 1398 1562 secundum
1431 1519 1675 1562 editionem
1708 1519 1831 1562 Blas-

149 1590 332 1641 sianam,
352 1603 487 1644 quarn
509 1589 644 1631 modo
666 1587 854 1630 laudavi.

209 1659 316 1709 Vix,
352 1659 520 1714 opinor,
562 1657 880 1713 postulandum
923 1664 990 1700 est
1031 1663 1079 1699 ut
1122 1670 1267 1699 merus
1311 1657 1447 1700 index
1494 1670 1650 1699 omnes
1691 1657 1831 1699 varias

151 1729 363 1772 librorum
392 1727 604 1770 lectiones
625 1728 907 1783 diversasque
927 1728 1200 1770 coniecturas
1220 1726 1414 1769 virorum
1437 1726 1671 1769 doctorum
1704 1726 1830 1768 exhi-

148 1800 265 1842 beat.
329 1798 484 1852 Itaque
515 1798 596 1840 has
627 1798 808 1839 omnino
835 1797 977 1847 omisi,
998 1796 1093 1839 illas
1125 1811 1183 1839 ex
1214 1802 1340 1851 parte
1372 1797 1528 1850 recepi.
1590 1795 1766 1851 Quibus
1787 1797 1830 1839 in

148 1867 392 1924 deligendis
423 1881 552 1922 spero
583 1881 671 1909 non
701 1868 896 1909 futurum
930 1880 1026 1910 esse
1062 1873 1112 1909 ut
1142 1867 1293 1908 videar
1323 1866 1380 1908 ad
1415 1880 1562 1908 meum
1599 1866 1828 1909 arbitrium

148 1944 226 1981 aut
258 1951 414 1992 parum
447 1943 702 1980 constanter
734 1951 828 1979 esse
858 1943 1068 1979 versatus.
1130 1936 1435 1991 Quaecunque
1470 1942 1590 1978 certe
1621 1935 1830 1979 lectiones

150 2007 346 2050 Graecae
372 2021 467 2049 esse
497 2007 713 2059 videntur,
734 2008 914 2049 easdem
946 2007 1192 2048 maximam
1222 2012 1395 2061 partem
1426 2005 1576 2048 studui
1606 2005 1830 2049 exhibere.

149 2077 379 2120 Praeterea
402 2089 563 2131 operae
590 2076 782 2131 pretium
812 2076 965 2130 putavi
987 2090 1083 2118 esse
1105 2089 1177 2118 eas
1199 2076 1400 2118 codicum
1429 2075 1670 2129 scripturas
1692 2089 1828 2118 anno-

148 2153 256 2199 tare,
276 2160 390 2201 quae
422 2146 466 2188 in
492 2146 613 2188 libris
646 2146 955 2201 manuscriptis
985 2146 1246 2201 plerumque
1275 2145 1480 2200 leguntur
1512 2151 1559 2187 ut
1593 2145 1828 2193 Ποτίδαιαν,

149 2217 318 2268 ἐκτῖσαι,
340 2229 597 2271 quanquam
623 2216 881 2258 testimonio
910 2215 1142 2258 titulorum
1173 2215 1432 2258 Atticorum
1466 2215 1706 2257 damnatae
1731 2221 1776 2258 et
1805 2230 1830 2258 e

147 2291 275 2328 textu
313 2292 537 2328 oratorum
571 2292 823 2328 nostrorum
855 2285 1069 2341 expulsae
1101 2293 1214 2328 sunt.
1298 2285 1504 2339 Denique
1534 2286 1592 2327 ad
1623 2285 1829 2340 vulgares

146 2354 422 2397 librariorum
447 2368 613 2397 errores
635 2354 918 2398 illustrandos
939 2355 1049 2398 alias
1065 2356 1280 2410 quasdam
1302 2353 1513 2397 lectiones
1535 2354 1760 2409 exscripsi,
1779 2361 1828 2396 ut

145 2423 256 2477 ἡμεῖς
277 2439 359 2480 pro
380 2425 501 2476 ὑμεῖς.

206 2494 322 2538 Sunt
364 2495 498 2537 etiarn
534 2507 688 2549 pauca,
724 2494 782 2536 de
823 2494 984 2549 quibus
1025 2494 1235 2537 lectorem
1282 2507 1486 2536 moneam
1529 2507 1708 2536 necesse
1749 2501 1826 2536 est.

145 2562 210 2621 (1)
240 2564 438 2607 Voculae
475 2565 510 2615 ὁ,
542 2563 625 2617 μέν,
661 2562 716 2616 δέ,
757 2565 824 2606 καί
856 2570 931 2606 aut
967 2577 1144 2619 prorsus
1177 2570 1255 2606 aut
1291 2564 1452 2619 partim
1487 2563 1676 2606 omissae
1712 2571 1826 2607 sunt.

146 2630 210 2690 (2)
243 2633 294 2675 In
316 2634 460 2689 prima
479 2633 728 2676 Andocidis
750 2634 947 2688 itemque
973 2633 1186 2676 Dinarchi
1219 2634 1420 2676 oratione
1450 2633 1674 2675 afferenda
1699 2648 1826 2688 para-

144 2704 337 2758 graphos
358 2709 530 2746 tantum
553 2704 716 2746 notavi.
779 2701 842 2760 (3)
873 2703 1108 2746 Adiectiva
1128 2703 1323 2746 verbalia
1354 2704 1595 2745 secundum
1627 2703 1826 2744 ordinem

146 2771 388 2815 litterarum
426 2773 599 2827 digesta
637 2779 752 2815 sunt.
815 2770 879 2829 (4)
913 2772 1055 2815 Uncis
1088 2773 1315 2827 quadratis
1339 2773 1585 2815 indicantur
1612 2786 1664 2814 ea
1690 2773 1825 2814 verba

146 2855 260 2897 quae
289 2850 365 2884 aut
393 2843 455 2885 sic
486 2843 529 2884 in
560 2849 691 2885 textu
725 2842 1007 2884 includuntur
1038 2848 1127 2892 aut,
1154 2855 1409 2896 quanquam
1442 2842 1486 2883 in
1517 2841 1638 2884 libris
1669 2855 1824 2883 manu-

144 2911 314 2966 scriptis
336 2918 528 2962 exstant‚
554 2912 716 2954 reiecta
748 2918 860 2954 sunt.
922 2909 986 2968 (5)
1019 2911 1230 2954 Numeris
1259 2911 1561 2967 pinguioribus
1581 2910 1824 2966 significavi

144 2980 378 3023 articulum
420 2981 586 3034 adesse,
621 2981 657 3022 si
703 2988 852 3024 autem
885 2980 1148 3024 vocabulum
1191 2994 1436 3037 pronomen
1479 2980 1709 3035 personale
1743 2988 1823 3030 est,
