2060 3314
217 190 265 236 Vi
895 193 1124 231 PRAEFA
1135 193 1226 232 TIO

215 306 449 349 articulum
483 319 582 348 cum
612 305 893 348 substantivo
922 307 1144 360 apposito,
1167 313 1214 349 ut
1239 308 1351 359 ὑμεῖς
1384 308 1423 349 οἱ
1452 307 1653 350 δικασταί.
1716 307 1891 351 Deinde

214 375 444 418 articulum
483 390 508 417 e
542 376 792 417 coniectura
833 375 877 416 in
917 382 1095 418 textum
1138 383 1362 432 receptum
1404 391 1499 419 esse
1541 378 1746 432 quadrati
1789 377 1890 420 unci

214 444 475 498 significant,
506 452 658 487 contra
683 444 862 486 rotundi
894 444 1129 487 articulum
1156 447 1230 500 qui
1260 447 1304 487 in
1337 445 1471 489 MSS.
1505 446 1666 501 legitur
1690 447 1888 490 eiectum,

212 512 277 570 (6)
300 514 530 555 Masculini
554 514 724 569 generis
746 520 813 555 est
834 515 1099 557 adiectivum
1117 516 1423 570 compositum,
1440 522 1489 557 ut
1512 516 1789 570 ἀναίσχυντος,
1809 516 1891 559 nisi

214 583 341 625 aliter
382 583 611 625 indicatur.
685 582 745 640 (7)
778 583 940 625 Verbis
982 583 1268 641 ἆναμιμνῄσκω
1309 590 1354 626 et
1395 582 1635 642 ἀποθνῄσκω
1673 586 1715 627 in
1747 586 1890 628 indice

215 653 447 708 Lycurgeo
469 653 705 707 subscripsi
723 653 826 695 iota.
877 650 939 710 (8)
963 653 1095 709 Siglis
1112 668 1190 695 ms.
1209 661 1253 696 et
1262 655 1354 708 sm.
1372 655 1521 696 notavi
1538 669 1700 709 genera
1717 668 1890 697 mascu-

214 722 348 763 linum
372 729 415 764 et
437 722 722 774 femininum;
753 722 901 765 littera
929 723 1006 771 ‘b‚'
1027 723 1231 766 voculam
1261 726 1271 745 ‘
1287 722 1378 765 bis.'
1440 722 1507 780 (9)
1537 724 1757 766 Versuum
1778 738 1891 779 quos

215 792 446 845 Lycurgus
467 791 632 847 profert
654 791 822 834 nullam
843 793 1040 846 profecto
1064 793 1274 835 rationem
1303 789 1438 835 habui
1463 794 1612 847 paucis
1646 794 1886 836 admodum
1906 812 1910 816 ·

213 866 445 914 poetarum
488 861 753 903 incertorum
796 862 1008 918 exceptis,
1047 863 1093 917 §Q
1117 875 1186 916 92,
1234 875 1328 919 132.
1397 862 1585 918 Reliqua
1624 864 1890 918 compendia

213 937 367 985 utpote
389 931 549 972 usitata
574 944 662 972 non
685 945 798 985 opus
819 937 886 973 est
907 931 1143 986 explicare.

272 1001 324 1041 In
341 1001 540 1043 notando
563 1001 749 1043 articulo
771 1002 1091 1044 inconstantiae
1114 1016 1185 1043 me
1214 1015 1421 1044 accusare
1443 1002 1569 1043 facile
1597 1004 1697 1058 erit.⁴
1754 1003 1888 1058 Quod

213 1071 286 1124 qui
309 1069 415 1112 facit
436 1070 568 1111 velim
594 1070 877 1113 difficultates
900 1071 1067 1126 negotii
1090 1072 1350 1126 perpendat.
1413 1071 1581 1127 Atque,
1605 1078 1654 1114 ut
1675 1072 1757 1115 hae
1778 1073 1823 1115 in
1844 1087 1891 1117 re

213 1153 313 1181 eum
336 1140 539 1182 adiuvem
562 1147 607 1182 et
628 1140 759 1181 simul
790 1154 862 1181 me
894 1141 988 1195 ipse
1013 1141 1266 1190 defendam,
1289 1141 1420 1183 liceat
1450 1141 1556 1182 mihi
1585 1142 1758 1196 regulas
1779 1143 1890 1185 duas

212 1217 355 1251 tresve
386 1224 495 1264 quas
527 1217 704 1252 secutus
735 1224 834 1251 sum
866 1224 1105 1264 exponere.
1168 1208 1231 1267 (a)
1265 1211 1354 1254 Ubi
1387 1218 1489 1266 post
1521 1212 1787 1255 adiectivum
1819 1212 1890 1255 vel

212 1279 491 1334 participium
515 1280 670 1322 addito
693 1279 879 1321 articulo
899 1281 1130 1335 genetivus
1153 1281 1381 1335 partitivus
1410 1282 1600 1335 ponitur,
1624 1288 1673 1324 ut
1703 1279 1752 1324 τὰ
1775 1281 1889 1323 κοινὰ

211 1354 291 1391 τῶν
311 1348 573 1401 ἀδικημάτων,
597 1350 790 1390 numeris
811 1349 1115 1405 pinguioribus
1141 1350 1312 1405 signavi
1338 1351 1606 1393 adiectivum
1627 1351 1697 1393 vel
1719 1352 1889 1405 partic„

212 1420 234 1461 i.
250 1433 285 1460 e.
309 1433 408 1461 cum
431 1420 551 1461 artic.
616 1419 706 1461 Ubi
729 1426 880 1462 autem
902 1426 1057 1474 aperta
1090 1419 1256 1475 ellipsis
1285 1421 1475 1461 nominis
1500 1420 1682 1463 alicuius
1710 1434 1888 1476 praece-

211 1489 368 1538 dentis,
403 1494 451 1530 ut
489 1489 556 1530 ἵνα
589 1487 761 1542 τριήρεις
805 1487 873 1545 ἐξῇ
911 1492 1207 1544 ναυπηγεῖσθαι
1246 1488 1310 1531 καὶ
1346 1489 1417 1532 τὰς
1454 1490 1578 1533 οὔσας
1612 1490 1889 1541 ἐπισκευάζειν

210 1558 384 1600 Andoc.
407 1571 448 1614 3,
473 1570 538 1610 14,
567 1558 776 1601 articulus
808 1573 897 1600 non
929 1565 1121 1601 notatur.
1184 1557 1246 1616 (b)
1281 1559 1332 1601 In
1368 1558 1514 1603 αἰκίαις
1549 1562 1636 1603 ταῖς
1667 1561 1889 1614 μεγίσταις,

210 1631 360 1670 θυσιῶν
381 1633 460 1670 τῶν
475 1627 765 1682 γεγενημένων,
780 1632 964 1682 γυναῖκες
981 1630 1022 1670 αἱ
1041 1628 1252 1682 Θηβαίων,
1271 1630 1431 1677 sitnm„
1445 1628 1680 1672 articulum
1697 1629 1887 1672 iudicavi
1953 1651 1959 1656 ·

211 1698 399 1739 nominis
435 1698 739 1752 praecedentis
778 1713 885 1740 esse.
949 1698 1040 1741 Sed
1074 1699 1369 1748 nihilominus,
1392 1700 1429 1741 si
1463 1700 1689 1754 proprium
1724 1713 1888 1742 nomen

211 1775 288 1818 est,
305 1774 352 1810 ut
367 1767 560 1819 Κεφάλου
581 1771 650 1809 τοῦ
672 1768 918 1823 γράψαντος,
935 1769 1142 1812 articulus
1165 1783 1265 1810 mea
1286 1770 1506 1811 sententia
1527 1770 1583 1811 ad
1607 1769 1886 1824 participium

210 1837 416 1892 pertinet,
438 1838 817 1892 quemadmodum
840 1839 883 1880 in
906 1838 1101 1892 Κεφάλου
1122 1842 1190 1880 τοῦ
1210 1838 1391 1894 ῥήτορος,
1412 1839 1740 1894 appositionem
1762 1853 1887 1893 prae-

210 1908 331 1949 bens.
394 1907 568 1949 Eodem
608 1908 742 1950 modo
776 1909 821 1949 in
852 1909 1076 1961 Θεμίστιον
1110 1912 1180 1950 τὸν
1206 1908 1456 1961 Ἀφιδναῖον,
1487 1909 1648 1959 simm.‚
1679 1907 1888 1950 articulus

210 1991 310 2020 cum
333 1977 512 2019 nomine
533 1977 757 2032 gentilicio
780 1984 971 2020 notatur.

270 2047 482 2101 Superest
513 2053 560 2088 ut
592 2048 654 2088 eis
675 2047 778 2089 viris
811 2048 1089 2100 doctissimis,
1114 2048 1189 2103 qui
1221 2047 1344 2103 prelo
1378 2047 1730 2089 Clarendoniano
1761 2061 1890 2103 prae-

153 2143 155 2145 ·
209 2124 323 2166 sunt,
351 2117 515 2171 gratias
546 2131 678 2172 agam
711 2118 946 2168 maximas,
968 2119 1087 2172 quod
1122 2133 1209 2160 non
1243 2119 1376 2160 modo
1408 2119 1496 2159 suis
1528 2118 1778 2171 sumptibus
1809 2118 1887 2160 sed

210 2188 345 2230 etiam
368 2200 542 2228 summa
564 2187 874 2229 benevolentia
894 2187 1012 2231 hunc
1030 2187 1226 2231 libellum
1251 2188 1592 2243 imprimendum
1615 2194 1886 2230 curaverunt.

1020 2308 1398 2352 LUDOVICUS
1439 2309 1490 2350 L.
1539 2308 1828 2352 FORMAN.

341 2470 557 2503 ScmssEBAM
582 2471 755 2503 ITHACAE

473 2537 588 2570 Mense
604 2538 724 2581 Aprili,
742 2550 772 2570 a.
790 2546 819 2570 M
831 2546 1037 2571 Deccxcvn
